@article{baird2024whole,
  title={Whole body physiology model to simulate respiratory depression of fentanyl and associated naloxone reversal},
  author={Baird, Austin and White, Steven A and Das, Rishi and Tatum, Nathan and Bisgaard, Erika K},
  journal={Communications Medicine},
  volume={4},
  number={1},
  pages={114},
  year={2024},
  publisher={Nature Publishing Group UK London}
}

@article{baird2021detecting,
  title={Detecting Patient Health Trajectories Using a Full-Body Burn Physiology Model},
  author={Baird, Austin and Amos-Binks, Adam and Tatum, Nathan and White, Steven and Hackett, Matthew and Serio-Melvin, Maria},
  journal={BioMedInformatics},
  volume={1},
  number={3},
  pages={127--137},
  year={2021},
  publisher={MDPI}
}

@article{mcdaniel2019open,
  title={Open source pharmacokinetic/pharmacodynamic framework: tutorial on the BioGears Engine},
  author={McDaniel, Matthew and Carter, Jennifer and Keller, Jonathan M and White, Steven A and Baird, Austin},
  journal={CPT: Pharmacometrics \& Systems Pharmacology},
  volume={8},
  number={1},
  pages={12--25},
  year={2019},
  publisher={Wiley Online Library}
}

@article{baird2020biogears,
  title={BioGears: A C++ library for whole body physiology simulations},
  author={Baird, Austin and McDaniel, Matthew and White, Steven A and Tatum, Nathan and Marin, Lucas},
  journal={Journal of Open Source Software},
  volume={5},
  number={56},
  pages={2645},
  year={2020}
}


